@article{liang2008mixtures,
  title={Mixtures of g priors for Bayesian variable selection},
  author={Liang, F. and Paulo, R. and Molina, G. and Clyde, M.A. and Berger, J.O.},
  journal={Journal of the American Statistical Association},
  volume={103},
  number={481},
  pages={410--423},
  year={2008},
  publisher={ASA}
}